<?xml version="1.0" encoding="UTF-8"?><record xmlns="http://www.loc.gov/MARC21/slim" xmlns:cinclude="http://apache.org/cocoon/include/1.0" xmlns:zs="http://www.loc.gov/zing/srw/">
  <leader>00653cz  a2200157n  4500</leader>
  <controlfield tag="001">n  90647665 </controlfield>
  <controlfield tag="003">DLC</controlfield>
  <controlfield tag="005">19900530083828.1</controlfield>
  <controlfield tag="008">900522n| acannaab|          |a ana |||  </controlfield>
  <datafield tag="010" ind1=" " ind2=" ">
    <subfield code="a">n  90647665 </subfield>
  </datafield>
  <datafield tag="040" ind1=" " ind2=" ">
    <subfield code="a">DLC</subfield>
    <subfield code="c">DLC</subfield>
    <subfield code="d">DLC</subfield>
  </datafield>
  <datafield tag="110" ind1="2" ind2="0">
    <subfield code="a">C.S.E./S.R.C.C. Togo</subfield>
  </datafield>
  <datafield tag="410" ind1="2" ind2="0">
    <subfield code="a">CSE/SRCC Togo</subfield>
  </datafield>
  <datafield tag="410" ind1="2" ind2="0">
    <subfield code="a">Société nationale pour la rénovation et le développement de la cacaoyère et de la caféière togolaise.</subfield>
    <subfield code="b">C.S.E.</subfield>
  </datafield>
  <datafield tag="410" ind1="2" ind2="0">
    <subfield code="a">Société nationale pour la rénovation et le développement de la cacaoyère et de la caféière togolaise.</subfield>
    <subfield code="b">CSE</subfield>
  </datafield>
  <datafield tag="670" ind1=" " ind2=" ">
    <subfield code="a">Atlas agro-écon. de la région sud-ouest Togo, 1988:</subfield>
    <subfield code="b">t.p. (C.S.E./S.R.C.C. Togo)</subfield>
  </datafield>
</record>